
@article{ferreto2011server,
  title={Server consolidation with migration control for virtualized data centers},
  author={Ferreto, Tiago C. and Netto, Marco A. S. and Calheiros, Rodrigo N. and De Rose, CÃ©sar A. F.},
  journal={Future Generation Computer Systems},
  volume={27},
  number={8},
  pages={1027--1034},
  year={2011},
  publisher={Elsevier}
}

@inproceedings{bichler2006capacity,
  title={Capacity planning for virtualized servers},
  author={Bichler, Martin and Setzer, Thomas and Speitkamp, Benjamin},
  booktitle={Workshop on Information Technologies and Systems (WITS), Milwaukee, Wisconsin, USA},
  year={2006}
}

@inproceedings{bobroff2007dynamic,
  title={Dynamic placement of virtual machines for managing sla violations},
  author={Bobroff, Norman and Kochut, Andrzej and Beaty, Kirk},
  booktitle={Integrated Network Management, 2007. IM'07. 10th IFIP/IEEE International Symposium on},
  pages={119--128},
  year={2007},
  organization={IEEE}
}

@inproceedings{khanna2006application,
  title={Application performance management in virtualized server environments},
  author={Khanna, Gunjan and Beaty, Kirk and Kar, Gautam and Kochut, Andrzej},
  booktitle={Network Operations and Management Symposium, 2006. NOMS 2006. 10th IEEE/IFIP},
  pages={373--381},
  year={2006},
  organization={IEEE}
}

@inproceedings{mehta2008recon,
  title={Recon: A tool to recommend dynamic server consolidation in multi-cluster data centers},
  author={Mehta, Sameep and Neogi, Anindya},
  booktitle={Network Operations and Management Symposium, 2008. NOMS 2008. IEEE},
  pages={363--370},
  year={2008},
  organization={IEEE}
}

@article{netto2011use,
  title={Use of run time predictions for automatic co-allocation of multi-cluster resources for iterative parallel applications},
  author={Netto, Marco A. S. and Vecchiola, Christian and Kirley, Michael and Varela, Carlos A. and Buyya, Rajkumar},
  journal={Journal of Parallel and Distributed Computing},
  volume={71},
  number={10},
  pages={1388--1399},
  year={2011},
  publisher={Elsevier}
}

@inproceedings{reiss2012heterogeneity,
  title={Heterogeneity and dynamicity of clouds at scale: {Google} trace analysis},
  author={Reiss, Charles and Tumanov, Alexey and Ganger, Gregory R and Katz, Randy H and Kozuch, Michael A},
  booktitle={Proceedings of the Third ACM Symposium on Cloud Computing},
  pages={7},
  year={2012},
  organization={ACM}
}

@article{speitkamp2010mathematical,
  title={A mathematical programming approach for server consolidation problems in virtualized data centers},
  author={Speitkamp, Benjamin and Bichler, Martin},
  journal={Services Computing, IEEE Transactions on},
  volume={3},
  number={4},
  pages={266--278},
  year={2010},
  publisher={IEEE}
}

@inproceedings{verma2008pmapper,
  title={{pMapper}: power and migration cost aware application placement in virtualized systems},
  author={Verma, Akshat and Ahuja, Puneet and Neogi, Anindya},
  booktitle={Proceedings of the 9th ACM/IFIP/USENIX International Conference on Middleware},
  pages={243--264},
  year={2008},
  organization={Springer-Verlag New York, Inc.}
}

@article{wood2009sandpiper,
  title={Sandpiper: {Black-box} and gray-box resource management for virtual machines},
  author={Wood, Timothy and Shenoy, Prashant and Venkataramani, Arun and Yousif, Mazin},
  journal={Computer Networks},
  volume={53},
  number={17},
  pages={2923--2938},
  year={2009},
  publisher={Elsevier}
}
